% This file was created with Citavi 6.4.0.35

% This file was created with Citavi 6.4.0.35

@misc{Wikipedia.2021,
 editor = {Wikipedia},
 year = {2021},
 title = {Newtonverfahren},
 howpublished = {\url{https://de.wikipedia.org/w/index.php?title=Newtonverfahren&oldid=217692628}},
 note = {Abgerufen am: 08.04.2022},
 url = {https://de.wikipedia.org/w/index.php?title=Newtonverfahren&oldid=217692628},
 urldate = {08.04.2022},
 file = {Wikipedia (Hg.) 2021 - Newtonverfahren:C\:\\Users\\zahnd\\Google Drive\\Universit채t Bern\\Bachelor\\Physik\\8.Semester\\Bachelorarbeit\\Notizen\\Bibliography\\lit\\Citavi Attachments\\Wikipedia (Hg.) 2021 - Newtonverfahren.pdf:pdf}
}

% This file was created with Citavi 6.4.0.35

@book{Fliebach.1996,
 author = {Flie{\ss}bach, Torsten},
 year = {1996},
 title = {Mechanik},
 address = {Heidelberg},
 publisher = {{Spektrum Akad. Verl.}},
 isbn = {3860256866},
 series = {Spektrum-Lehrbuch},
 file = {https://zbmath.org/?q=an:0861.70001}
}


@book{Straumann.2013,
 author = {Straumann, Ulrich},
 year = {2013},
 title = {Relativit{\"a}tstheorie: Vorlesungsskriptum},
 url = {https://www.physik.uzh.ch/~strauman/srt.pdf},
 address = {Z{\"u}rich},
 urldate = {01.07.2022},
 publisher = {{Universit{\"a}t Z{\"u}rich}}
}


@book{WilliamH.Press.2002,
 author = {Press, William H. and Teukolsky, Saul A. and Vetterling, William T. and Flannery, Brian P.},
 year = {2002},
 title = {Numerical recipes in C: The art of scientific computing},
 price = {USD 70,00},
 address = {Cambridge},
 publisher = {{Cambridge Univ. Press}},
 isbn = {0-521-43108-5}
}


@book{Greub.2019,
 author = {Greub, Christoph},
 year = {2019},
 title = {Mechanik I mit Relativit{\"a}tstheorie: Vorlesungsskriptum},
 address = {Bern},
 publisher = {{Universit{\"a}t Bern}}
}

% This file was created with Citavi 6.4.0.35

@book{Tipler.2015,
 author = {Tipler, Paul Allen},
 year = {2015},
 title = {Physik: F{\"u}r Wissenschaftler und Ingenieure},
 address = {Berlin, Heidelberg},
 publisher = {{Springer Spektrum}},
 isbn = {978-3-642-54165-0},
 series = {SpringerLink B{\"u}cher},
 doi = {10.1007/978-3-642-54166-7},
 file = {https://swbplus.bsz-bw.de/bsz424905248cov.jpg}
}


@book{Blau.2021,
 author = {Blau, Matthias},
 year = {2021},
 title = {Special relativity and classical field theory: Notes on selected topics for the course {\textquotedbl}Klassische Feldtheorie{\textquotedbl}},
 address = {Bern},
 publisher = {{Universit{\"a}t Bern}}
}


@book{Arens.2013,
 author = {Arens, Tilo and Busam, Rolf and Hettlich, Frank and Karpfinger, Christian and Stachel, Hellmuth and Lichtenegger, Klaus},
 year = {2013},
 title = {Grundwissen Mathematikstudium: Analysis und Lineare Algebra mit Querverbindungen},
 url = {http://nbn-resolving.org/urn:nbn:de:bsz:31-epflicht-1599341},
 address = {Berlin, Heidelberg},
 publisher = {{Springer Berlin Heidelberg}},
 isbn = {978-3-8274-2308-5},
 file = {https://zbmath.org/?q=an:1279.00002}
}




@book{ArminIske.2015,
 author = {Iske, Armin},
 year = {2015},
 title = {Analysis III f{\"u}r Studierende der Ingenieurwissenschaften: Vorlesungsskriptum},
 address = {Hamburg},
 publisher = {{Technische Universit{\"a}t Hamburg-Harburg}},
 howpublished = {\url{https://www.math.uni-hamburg.de/teaching/export/tuhh/cm/a3/1516/vorlesungen/a3_vorl.pdf}},
}


@article{Panka.2021,
 author = {Panka, Peter A. and Weryk, Robert J. and Bruzzone, Juan S. and Janches, Diego and Schult, Carsten and Stober, Gunter and Hormaechea, Jose Luis},
 year = {2021},
 title = {An Improved Method to Measure Head Echoes Using a Meteor Radar},
 url = {https://iopscience.iop.org/article/10.3847/PSJ/ac22b2},
 pages = {197},
 volume = {2},
 number = {5},
 issn = {2632-3338},
 journal = {The Planetary Science Journal},
 doi = {10.3847/PSJ/ac22b2},
 file = {Panka, Weryk et al. 2021 - An Improved Method to Measure:C\:\\Users\\zahnd\\Google Drive\\Universit채t Bern\\Bachelor\\Physik\\8.Semester\\Bachelorarbeit\\Notizen\\Bibliography\\lit\\Citavi Attachments\\Panka, Weryk et al. 2021 - An Improved Method to Measure.pdf:pdf}
}

% This file was created with Citavi 6.4.0.35

@book{Heuser.2004,
 abstract = {F{\"u}r den zweiten Teil des {\textquotedbl}Lehrbuchs der Analysis{\textquotedbl} gelten dieselben Prinzipien wie f{\"u}r den ersten: sorgf{\"a}ltige Motivierungen der tragenden Begriffe, leicht fassliche Beweise, erhellende Bespiele ({\textquotedbl}Bruder Beispiel ist der beste Prediger.{\textquotedbl}), nicht zuletzt Beispiele, die zeigen, wie analytische Methoden in den verschiedensten Wissenschaften eingesetzt werden, von der Astronomie bis zur {\"O}konomie. Der Leitgedanke ist wieder, das {\"A}nderungsverhalten von Funktionen zu studieren und aus {\"A}nderungen {\textquotedbl}im Kleinen{\textquotedbl} Ausk{\"u}nfte {\"u}ber {\"A}nderungen {\textquotedbl}im Gro{\ss}en{\textquotedbl} zu gewinnen; freilich handelt es sich diesmal um Funktionen von mehreren Ver{\"a}nderlichen. Um dies in einen modernen Kontext einzuf{\"u}gen, werden Banachr{\"a}ume, Banachalgebren und Topologische R{\"a}ume herangezogen, ferner wird ein angemessenes Gewicht auf das Lebesguesche Integral und auf Fixpunkts{\"a}tze (mit verbl{\"u}ffenden Anwendungen) gelegt. Das Buch endet mit einer Darstellung der geschichtlichen Entwicklung der Analysis von den Phythagoreern bis Weierstra{\ss}},
 author = {Heuser, Harro},
 year = {2004},
 title = {Lehrbuch der Analysis Teil 2},
 address = {Wiesbaden and s.l.},
 edition = {13., durchgesehene Auflage},
 publisher = {{Vieweg+Teubner Verlag}},
 isbn = {978-3-519-62232-1},
 series = {Springer eBook Collection Life Science and Basic Disciplines},
 doi = {10.1007/978-3-663-01407-2}
}


@misc{SciPyDoc.20.05.2022,
 author = {{The SciPy community}},
 year = {2022},
 title = {scipy.optimize.root --- SciPy v1.8.1 Manual},
 url = {https://docs.scipy.org/doc/scipy/reference/generated/scipy.optimize.root.html},
 urldate = {04.07.2022},
 howpublished = {\url{https://docs.scipy.org/doc/scipy/reference/generated/scipy.optimize.root.html}},
 note = {Abgerufen am: 04.07.2022},
}





% This file was created with Citavi 6.4.0.35

@article{Shames.2013,
 author = {Shames, Iman and Bishop, Adrian N. and Smith, Matthew and Anderson, Brian D. O.},
 year = {2013},
 title = {Doppler Shift Target Localization},
 pages = {266--276},
 volume = {49},
 number = {1},
 issn = {0018-9251},
 journal = {IEEE Transactions on Aerospace and Electronic Systems},
 doi = {10.1109/TAES.2013.6404102},
 file = {Shames, Bishop et al. 2013 - Doppler Shift Target Localization:C\:\\Users\\zahnd\\Google Drive\\Universit채t Bern\\Bachelor\\Physik\\8.Semester\\Bachelorarbeit\\Notizen\\Bibliography\\lit\\Citavi Attachments\\Shames, Bishop et al. 2013 - Doppler Shift Target Localization.pdf:pdf}
}




@article{Richards.1960,
 abstract = {A method is presented for predicting the orbit of a passive non- transmitting satellite, using exclusively Doppler data collected during one passage of the satellite by a tracking system consisting of only one transmitter and one receiver. Equations are derived which relate passive satellite Doppler tracking data to range, speed and time parameters at closest approach. These determine an ellipsoid whose foci are the transmitter and receiver stations. The satellite lies on this ellipsoid, and its trajectory is tangent to the surface. The satellite position and velocity components at closest approach are calculated on a digital computer using information contained in the Doppler data together with the geometry of the tracking system. Preliminary orbits determined in this way agree favorably with the refined orbits of BRL and Space Track.},
 author = {Richards, Paul B.},
 year = {1960},
 title = {Orbit Determination of a Non-Transmitting Satellite Using Doppler Tracking Data},
 url = {https://apps.dtic.mil/sti/citations/AD0419890},
 journal = {General Electric Co., Philadelphia PA Missile and Space Division},
 file = {Richards 1960 - ORBIT DETERMINATION OF A NON-TRANSMITTING:C\:\\Users\\zahnd\\Google Drive\\Universit채t Bern\\Bachelor\\Physik\\8.Semester\\Bachelorarbeit\\Notizen\\Bibliography\\lit\\Citavi Attachments\\Richards 1960 - ORBIT DETERMINATION OF A NON-TRANSMITTING.pdf:pdf}
}


@article{Richards.1961,
 author = {Richards, Paul B.},
 year = {1961},
 title = {Preliminary Orbit Determination of a Nontransmitting Satellite Using the DOPLOC Tracking System},
 pages = {1729--1733},
 volume = {31},
 number = {12},
 journal = {ARS Journal},
 doi = {10.2514/8.5903}
}


@article{Schult.2013,
 author = {Schult, C. and Stober, G. and Chau, J. L. and Latteck, R.},
 year = {2013},
 title = {Determination of Meteor-Head Echo Trajectories Using the Interferometric Capabilities of MAARSY},
 pages = {1843--1851},
 volume = {31},
 number = {10},
 journal = {Annales Geophysicae},
 doi = {10.5194/angeo-31-1843-2013}
}


@article{Schult.2015,
 author = {Schult, C. and Stober, G. and Keuer, D. and Singer, W.},
 year = {2015},
 title = {Radar Observations of the Maribo Fireball Over Juliusruh: Revised Trajectory and Meteoroid Mass Estimation},
 pages = {1460--1464},
 volume = {450},
 number = {2},
 issn = {0035-8711},
 journal = {Monthly Notices of the Royal Astronomical Society},
 doi = {10.1093/mnras/stv614}
}


